% This file was created with JabRef 2.7b.
% Encoding: ISO8859_1

@MASTERSTHESIS{Wiwie_2013,
  author = {Christian Wiwie},
  title = {Development of an Integrated Clustering Framework for Cluster Analysis},
  school = {Max-Planck Institute for Computer Science},
  year = {2013},
  owner = {chris},
  timestamp = {2013.01.09}
}

@comment{jabref-meta: selector_publisher:}

@comment{jabref-meta: selector_author:}

@comment{jabref-meta: selector_journal:}

@comment{jabref-meta: selector_keywords:}

